@article{grewer2014slc1,
  title={SLC1 glutamate transporters},
  author={Grewer, Christof and Gameiro, Armanda and Rauen, Thomas},
  journal={Pfl{\"u}gers Archiv-European Journal of Physiology},
  volume={466},
  number={1},
  pages={3--24},
  year={2014},
  publisher={Springer}
}

@article{kanai2013slc1,
  title={The SLC1 high-affinity glutamate and neutral amino acid transporter family},
  author={Kanai, Yoshikatsu and Cl{\'e}men{\c{c}}on, Benjamin and Simonin, Alexandre and Leuenberger, Michele and Lochner, Martin and Weisstanner, Martin and Hediger, Matthias A},
  journal={Molecular aspects of medicine},
  volume={34},
  number={2-3},
  pages={108--120},
  year={2013},
  publisher={Elsevier}
}

@article{freidman2020amino,
  title={Amino Acid Transporters and Exchangers from the SLC1A Family: Structure, Mechanism and Roles in Physiology and Cancer},
  author={Freidman, Natasha and Chen, Ichia and Wu, Qianyi and Briot, Chelsea and Holst, Jeff and Font, Josep and Vandenberg, Robert and Ryan, Renae},
  journal={Neurochemical Research},
  pages={1--19},
  year={2020},
  publisher={Springer}
}

@article{fontana2015current,
  title={Current approaches to enhance glutamate transporter function and expression},
  author={Fontana, Andr{\'e}ia CK},
  journal={Journal of neurochemistry},
  volume={134},
  number={6},
  pages={982--1007},
  year={2015},
  publisher={Wiley Online Library}
}

@article{kaplan2018asct1,
  title={ASCT1 (Slc1a4) transporter is a physiologic regulator of brain d-serine and neurodevelopment},
  author={Kaplan, Eitan and Zubedat, Salman and Radzishevsky, Inna and Valenta, Alec C and Rechnitz, Ohad and Sason, Hagit and Sajrawi, Clara and Bodner, Oded and Konno, Kohtarou and Esaki, Kayoko and others},
  journal={Proceedings of the National Academy of Sciences},
  volume={115},
  number={38},
  pages={9628--9633},
  year={2018},
  publisher={National Acad Sciences}
}
@article{scalise2018human,
  title={The human SLC1A5 (ASCT2) amino acid transporter: From function to structure and role in cell biology},
  author={Scalise, Mariafrancesca and Pochini, Lorena and Console, Lara and Losso, Maria A and Indiveri, Cesare},
  journal={Frontiers in cell and developmental biology},
  volume={6},
  pages={96},
  year={2018},
  publisher={Frontiers}
}
@article{rebec2013dysregulation,
  title={Dysregulation of corticostriatal ascorbate release and glutamate uptake in transgenic models of Huntington's disease},
  author={Rebec, George V},
  journal={Antioxidants \& redox signaling},
  volume={19},
  number={17},
  pages={2115--2128},
  year={2013},
  publisher={Mary Ann Liebert, Inc. 140 Huguenot Street, 3rd Floor New Rochelle, NY 10801 USA}
}


@article{mim2005glutamate,
  title={The glutamate transporter subtypes EAAT4 and EAATs 1-3 transport glutamate with dramatically different kinetics and voltage dependence but share a common uptake mechanism},
  author={Mim, Carsten and Balani, Poonam and Rauen, Thomas and Grewer, Christof},
  journal={The Journal of general physiology},
  volume={126},
  number={6},
  pages={571--589},
  year={2005},
  publisher={Rockefeller University Press}
}

@article{arriza1997excitatory,
  title={Excitatory amino acid transporter 5, a retinal glutamate transporter coupled to a chloride conductance},
  author={Arriza, Jeffrey L and Eliasof, Scott and Kavanaugh, Michael P and Amara, Susan G},
  journal={Proceedings of the National Academy of Sciences},
  volume={94},
  number={8},
  pages={4155--4160},
  year={1997},
  publisher={National Acad Sciences}
}

@article{mueckler2013slc2,
  title={The SLC2 (GLUT) family of membrane transporters},
  author={Mueckler, Mike and Thorens, Bernard},
  journal={Molecular aspects of medicine},
  volume={34},
  number={2-3},
  pages={121--138},
  year={2013},
  publisher={Elsevier}
}

@article{fotiadis2013slc3,
  title={The SLC3 and SLC7 families of amino acid transporters},
  author={Fotiadis, Dimitrios and Kanai, Yoshikatsu and Palac{\'\i}n, Manuel},
  journal={Molecular aspects of medicine},
  volume={34},
  number={2-3},
  pages={139--158},
  year={2013},
  publisher={Elsevier}
}

@book{gould1997facilitative,
  title={Facilitative glucose transporters},
  author={Gould, Gwyn W},
  year={1997},
  publisher={Springer Science \& Business Media}
}

@article{robichaud2008glut1,
  title={GLUT1 Structure Function; Context, Ligand Cooperativity, and Mutagenesis Studies: A Dissertation},
  author={Robichaud, Trista K},
  year={2008}
}

@article{colville1993kinetic,
  title={Kinetic analysis of the liver-type (GLUT2) and brain-type (GLUT3) glucose transporters in Xenopus oocytes: substrate specificities and effects of transport inhibitors},
  author={Colville, Caroline A and Seatter, Michael J and Jess, Thomas J and Gould, Gwyn W and Thomas, Helen M},
  journal={Biochemical Journal},
  volume={290},
  number={3},
  pages={701--706},
  year={1993},
  publisher={Portland Press Ltd.}
}

@article{hah2002transient,
  title={Transient changes in four GLUT4 compartments in rat adipocytes during the transition, insulin-stimulated to basal: Implications for the GLUT4 trafficking pathway},
  author={Hah, JS and Ryu, JW and Lee, W and Kim, BS and Lachaal, M and Spangler, RA and Jung, CY},
  journal={Biochemistry},
  volume={41},
  number={48},
  pages={14364--14371},
  year={2002},
  publisher={ACS Publications}
}

@article{karlsson2009kinetics,
  title={Kinetics of GLUT4 trafficking in rat and human skeletal muscle},
  author={Karlsson, H{\aa}kan KR and Chibalin, Alexander V and Koistinen, Heikki A and Yang, Jing and Koumanov, Francoise and Wallberg-Henriksson, Harriet and Zierath, Juleen R and Holman, Geoffrey D},
  journal={Diabetes},
  volume={58},
  number={4},
  pages={847--854},
  year={2009},
  publisher={Am Diabetes Assoc}
}

@article{brewer2014insulin,
  title={Insulin-regulated Glut4 Translocation MEMBRANE PROTEIN TRAFFICKING WITH SIX DISTINCTIVE STEPS},
  author={Brewer, Paul Duffield and Habtemichael, Estifanos N and Romenskaia, Irina and Mastick, Cynthia Corley and Coster, Adelle CF},
  journal={Journal of Biological Chemistry},
  volume={289},
  number={25},
  pages={17280--17298},
  year={2014},
  publisher={ASBMB}
}

@article{stockli2010muscling,
  title={Muscling in on GLUT4 kinetics},
  author={St{\"o}ckli, Jacqueline and Fazakerley, Daniel J and Coster, Adelle CF and Holman, Geoffrey D and James, David E},
  journal={Communicative \& integrative biology},
  volume={3},
  number={3},
  pages={260--262},
  year={2010},
  publisher={Taylor \& Francis}
}
@incollection{vargas2019physiology,
  title={Physiology, Glucose Transporter Type 4 (GLUT4)},
  author={Vargas, Elizabeth and Podder, Vivek and Sepulveda, Maria Alicia Carrillo},
  booktitle={StatPearls [Internet]},
  year={2019},
  publisher={StatPearls Publishing}
}
@article{huang2007glut4,
  title={The GLUT4 glucose transporter},
  author={Huang, Shaohui and Czech, Michael P},
  journal={Cell metabolism},
  volume={5},
  number={4},
  pages={237--252},
  year={2007},
  publisher={Elsevier}
}
@incollection{marland2002transporters,
  title={Transporters and pumps},
  author={Marland, Eric S and Keizer, Joel E},
  booktitle={Computational Cell Biology},
  pages={53--76},
  year={2002},
  publisher={Springer}
}
@article{quackenbush19874f2,
  title={{Molecular cloning of complementary DNAs encoding the heavy chain of the human 4F2 cell-surface antigen: a type II membrane glycoprotein involved in normal and neoplastic cell growth}},
  author={Quackenbush,Clabby, Gottesdiener, Barbosa, Jones, Strominger, Speck, and Leiden},
  journal={Proc. Natl. Acad. Sci. USA},
  volume={84},
  pages={6526--6530},
  year={1987},
  publisher={Department of Tumor Virology, Dana-Farber Cancer Institute, 44 Binney Street, Boston, MA 02115}
}
@article{chillaron1996SLC3,
  title={{Obligatory Amino Acid Exchange via Systems \begin{math}b^{o,+}-like and y^+L-like\end{math}}},
  author={Josep Chilla\'{r}on, Ra\'{u}l Est\'{e}vez, Conchi Mora, Carsten A. Wagner,
Hartmut Suessbrich, Florian Lang, Josep Llu\'{i}s Gelp\'{i}, Xavier Testar,
Andreas E. Busch, Antonio Zorzano, and Manuel Palac\'{i}n},
  journal={THE JOURNAL OF BIOLOGICAL CHEMISTRY},
  volume={271},
  number={30},
  pages={17761–17770},
  year={1996},
  publisher={The American Society for Biochemistry and Molecular Biology, Inc}
}
@article{lowe1986kinetics,
  title={The kinetics of glucose transport in human red blood cells},
  author={Lowe, Allan G and Walmsley, Adrian R},
  journal={Biochimica et Biophysica Acta (BBA)-Biomembranes},
  volume={857},
  number={2},
  pages={146--154},
  year={1986},
  publisher={Elsevier}
}
@article{romero2013slc4,
  title={{The SLC4 family of bicarbonate \begin{math}(HCO_3-)\end{math} transporters}},
  author={Michael F.Romero, An-Ping Chen, Mark D.Parker, Walter F.Boron},
  journal={Molecular aspects of medicine},
  volume={34},
  number={2-3},
  pages={159-182},
  year={2013},
  publisher={Elsevier}
}
@article{weinstein2000AE1,
  title={{A mathematical model of the outer medullary collecting duct of the rat}},
  author={Alan M. Weinstein},
  journal={American journal of physiology},
  volume={279},
  number={1},
  pages={F24-F45},
  year={2000},
  publisher={American Physiology Society}
}
@article{liu2015functionSLC4,
  title={{Structure and Function of SLC4 Family {HCO_{3}-} Transporters}},
  author={Ying Liu, Jichun Yang and Li-Ming Chen},
  journal={Frontiers in physiology},
  volume={355},
  number={6}
  year={2015}
}

@article{nomura2015structure,
  title={Structure and mechanism of the mammalian fructose transporter GLUT5},
  author={Nomura, Norimichi and Verdon, Gr{\'e}gory and Kang, Hae Joo and Shimamura, Tatsuro and Nomura, Yayoi and Sonoda, Yo and Hussien, Saba Abdul and Qureshi, Aziz Abdul and Coincon, Mathieu and Sato, Yumi and others},
  journal={Nature},
  volume={526},
  number={7573},
  pages={397--401},
  year={2015},
  publisher={Nature Publishing Group}
}
@article{chernova2003function,
  title={Structure-function relationships of AE2 regulation by Ca i 2 + -sensitive stimulators NH 4 + and hypertonicity},
  author={Marina N. Chernova, Andrew K. Stewart, Lianwei Jiang, David J. Friedman, Yune Z. Kunes, and Seth L. Alper},
  journal={American Journal of Physiology},
  volume={284},
  number={5},
  pages={C1235-C1246},
  year={2003},
  publisher={American Physiology Society}
}
@article{zhang1996regulation,
  title={The Cytoplasmic and Transmembrane Domains of AE2 Both Contribute to Regulation of Anion Exchange by pH},
  author={Yun Zhang, Marina N. Chernova, Alan K. Stuart-Tilley, Lianwei Jiang and Seth L. Alper},
  journal={The Journal of Biological Chemistry},
  volume={271},
  number={10},
  pages={5741–5749},
  year={1996},
  publisher={The American Society for Biochemistry and Molecular Biology}
}
@article{concepcion2014phregulation,
  title={Role of AE2 for pHi regulation in biliary epithelial cells},
  author={Alex R Concepcion, Mar{\'i}a Lopez, Alberto Ardura-Fabregat and Juan F Medina}
  journal={Frontiers of Physiology},
  volume={412},
  number={4},
  year={2014},
  publisher={The American Society for Biochemistry and Molecular Biology, Inc.}
}
@article{romero2004function,
  title={The SLC4 family of HCO3 − transporters},
  author={Michael F Romero, Christiaan M. Fulton and Walter F Boron},
  journal={Pflugers Arch - Eur J Physiol},
  volume={447},
  pages={495-509},
  year={1996},
  publisher={Springer}
}
@article{pushkin2006mechanisms,
  title={SLC4 base (HCO3−, \begin{math}{CO_32−}\end{math}) transporters: classification, function, structure, genetic diseases, and knockout models},
  author={Alexander Pushkin, and Ira Kurtz},
  journal={American Journal Of Physiology},
  volume={290},
  number={3},
  pages={F580-F599},
  year={2006},
  publisher={American Physiological Society}
}
@article{chang2008structure,
  title={Entry to “HCO3- Tunnel” Revealed by SLC4A4 Human Mutation and Structural Model*},
  author={Min-Hwang Chang, Jennifer DiPiero, Frank D. Sönnichsen and Michael F. Romero},
  journal={The Journal Of Biological Chemistry},
  volume={283},
  number={26},
  pages={18402–18410},
  year={2008},
  publisher={The American Society for Biochemistry and Molecular Biology, Inc.}
}

@article{alonso2007silico,
  title={In silico kinetic study of the glucose transporter},
  author={Alonso, GL and Gonz{\'a}lez, DA},
  journal={Journal of biological physics},
  volume={33},
  number={5-6},
  pages={485--498},
  year={2007},
  publisher={Springer}
}

@incollection{wright20121583,
title = "Chapter 58 - Sugar Absorption",
editor = "Leonard R. Johnson and Fayez K. Ghishan and Jonathan D. Kaunitz and Juanita L. Merchant and Hamid M. Said and Jackie D. Wood",
booktitle = "Physiology of the Gastrointestinal Tract (Fifth Edition)",
publisher = "Academic Press",
edition = "Fifth Edition",
address = "Boston",
pages = "1583 - 1593",
year = "2012",
isbn = "978-0-12-382026-6",
doi = "https://doi.org/10.1016/B978-0-12-382026-6.00058-0",
url = "http://www.sciencedirect.com/science/article/pii/B9780123820266000580",
author = "Ernest M. Wright and Monica Sala-Rabanal and Donald D.F. Loo and Bruce A. Hirayama"
}

@article{mizuno2011ubiquitination,
  title={Ubiquitination is associated with lysosomal degradation of cell surface-resident ATP-binding cassette transporter A1 (ABCA1) through the endosomal sorting complex required for transport (ESCRT) pathway},
  author={Mizuno, Tadahaya and Hayashi, Hisamitsu and Naoi, Sotaro and Sugiyama, Yuichi},
  journal={Hepatology},
  volume={54},
  number={2},
  pages={631--643},
  year={2011},
  publisher={Wiley Online Library}
}


@article{Byrne2018GLUT6,
author = {Byrne, Frances L. and Olzomer, Ellen M. and Brink, Robert and Hoehn, Kyle L.},
title = {Knockout of glucose transporter GLUT6 has minimal effects on whole body metabolic physiology in mice},
journal = {American Journal of Physiology-Endocrinology and Metabolism},
volume = {315},
number = {2},
pages = {E286-E293},
year = {2018},
doi = {10.1152/ajpendo.00082.2018},
    note ={PMID: 29664675},

}

@article{li2004cloning,
  title={Cloning and functional characterization of the human GLUT7 isoform SLC2A7 from the small intestine},
  author={Li, Qiang and Manolescu, Andrei and Ritzel, Mabel and Yao, Sylvia and Slugoski, Melissa and Young, James D and Chen, Xing-Zhen and Cheeseman, Chris I},
  journal={American Journal of Physiology-Gastrointestinal and Liver Physiology},
  volume={287},
  number={1},
  pages={G236--G242},
  year={2004},
  publisher={American Physiological Society}
}

@article{cheeseman2008glut7,
  title={GLUT7: a new intestinal facilitated hexose transporter},
  author={Cheeseman, Chris},
  journal={American Journal of Physiology-Endocrinology and Metabolism},
  volume={295},
  number={2},
  pages={E238--E241},
  year={2008},
  publisher={American Physiological Society}
}

@article{carayannopoulos2000glut8,
  title={GLUT8 is a glucose transporter responsible for insulin-stimulated glucose uptake in the blastocyst},
  author={Carayannopoulos, Mary O and Chi, Maggie M-Y and Cui, Ying and Pingsterhaus, Joyce M and McKnight, Robert A and Mueckler, Mike and Devaskar, Sherin U and Moley, Kelle H},
  journal={Proceedings of the National Academy of Sciences},
  volume={97},
  number={13},
  pages={7313--7318},
  year={2000},
  publisher={National Acad Sciences}
}

@article{debosch2014glucose,
  title={Glucose transporter 8 (GLUT8) mediates fructose-induced de novo lipogenesis and macrosteatosis},
  author={DeBosch, Brian J and Chen, Zhouji and Saben, Jessica L and Finck, Brian N and Moley, Kelle H},
  journal={Journal of Biological Chemistry},
  volume={289},
  number={16},
  pages={10989--10998},
  year={2014},
  publisher={ASBMB}
}

@article{doege2000glut8,
  title={GLUT8, a novel member of the sugar transport facilitator family with glucose transport activity},
  author={Doege, Holger and Sch{\"u}rmann, Annette and Bahrenberg, Gregor and Brauers, Andreas and Joost, Hans-Georg},
  journal={Journal of Biological Chemistry},
  volume={275},
  number={21},
  pages={16275--16280},
  year={2000},
  publisher={ASBMB}
}

@article{ebert2017reassessment,
  title={Reassessment of GLUT7 and GLUT9 as putative fructose and glucose transporters},
  author={Ebert, Karolin and Ludwig, Maren and Geillinger, Kerstin Elisabeth and Schoberth, Gina Catalina and Essenwanger, Jasmin and Stolz, J{\"u}rgen and Daniel, Hannelore and Witt, Heiko},
  journal={The Journal of membrane biology},
  volume={250},
  number={2},
  pages={171--182},
  year={2017},
  publisher={Springer}
}

@article{kimura2014expression,
  title={Expression of SLC2A9 isoforms in the kidney and their localization in polarized epithelial cells},
  author={Kimura, Toru and Takahashi, Michi and Yan, Kunimasa and Sakurai, Hiroyuki},
  journal={PloS one},
  volume={9},
  number={1},
  year={2014},
  publisher={Public Library of Science}
}
@article{bu2017hormonal,
  title={Hormonal and chemical regulation of the Glut9 transporter in mice},
  author={Bu, Pengli and Le, Yuan and Zhang, Yue and Cheng, Xingguo},
  journal={Journal of Pharmacology and Experimental Therapeutics},
  volume={360},
  number={1},
  pages={206--214},
  year={2017},
  publisher={ASPET}
}
@article{bi2018glut9,
  title={Glut9-mediated Urate Uptake Is Responsible for Its Protective Effects on Dopaminergic Neurons in Parkinson’s Disease Models},
  author={Bi, Mingxia and Jiao, Qian and Du, Xixun and Jiang, Hong},
  journal={Frontiers in Molecular Neuroscience},
  volume={11},
  pages={21},
  year={2018},
  publisher={Frontiers}
}
@article{gamberucci2017glut10,
  title={GLUT10—lacking in arterial tortuosity syndrome—is localized to the endoplasmic reticulum of human fibroblasts},
  author={Gamberucci, Alessandra and Marcolongo, Paola and N{\'e}meth, Csilla E and Zoppi, Nicoletta and Szarka, Andr{\'a}s and Chiarelli, Nicola and Heged{\H{u}}s, Tam{\'a}s and Ritelli, Marco and Carini, Giulia and Willaert, Andy and others},
  journal={International journal of molecular sciences},
  volume={18},
  number={8},
  pages={1820},
  year={2017},
  publisher={Multidisciplinary Digital Publishing Institute}
}

@article{syu2018glut10,
  title={GLUT10 maintains the integrity of major arteries through regulation of redox homeostasis and mitochondrial function},
  author={Syu, Yu-Wei and Lai, Hao-Wen and Jiang, Chung-Lin and Tsai, Hong-Yuan and Lin, Chung-Chih and Lee, Yi-Ching},
  journal={Human molecular genetics},
  volume={27},
  number={2},
  pages={307--321},
  year={2018},
  publisher={Oxford University Press}
}

@article{segade2010glucose,
  title={Glucose transporter 10 and arterial tortuosity syndrome: the vitamin C connection},
  author={Segade, Fernando},
  journal={FEBS letters},
  volume={584},
  number={14},
  pages={2990--2994},
  year={2010},
  publisher={Elsevier}
}

@article{pezzulo2011glucose,
  title={Glucose depletion in the airway surface liquid is essential for sterility of the airways},
  author={Pezzulo, Alejandro A and Guti{\'e}rrez, Jeydith and Duschner, Kelly S and McConnell, Kelly S and Taft, Peter J and Ernst, Sarah E and Yahr, Timothy L and Rahmouni, Kamal and Klesney-Tait, Julia and Stoltz, David A and others},
  journal={PloS one},
  volume={6},
  number={1},
  year={2011},
  publisher={Public Library of Science}
}

@article{doege2001characterization,
  title={Characterization of human glucose transporter (GLUT) 11 (encoded by SLC2A11), a novel sugar-transport facilitator specifically expressed in heart and skeletal muscle},
  author={DOEGE, Holger and BOCIANSKI, Andreas and SCHEEPERS, Andrea and AXER, Hubertus and ECKEL, J{\"u}rgen and JOOST, Hans-Georg and SCH{\"U}RMANN, Annette},
  journal={Biochemical Journal},
  volume={359},
  number={2},
  pages={443--449},
  year={2001},
  publisher={Portland Press Ltd.}
}

@article{gaster2004glut11,
  title={GLUT11, but not GLUT8 or GLUT12, is expressed in human skeletal muscle in a fibre type-specific pattern},
  author={Gaster, M and Handberg, Aase and Sch{\"u}rmann, A and Joost, H-G and Beck-Nielsen, H and Schr{\o}der, HD},
  journal={Pfl{\"u}gers Archiv},
  volume={448},
  number={1},
  pages={105--113},
  year={2004},
  publisher={Springer}
}

@article{scheepers2005characterization,
  title={Characterization of the human SLC2A11 (GLUT11) gene: alternative promoter usage, function, expression, and subcellular distribution of three isoforms, and lack of mouse orthologue},
  author={Scheepers, Andrea and Schmidt, Stefan and Manolescu, Andrei and Cheeseman, Chris I and Bell, Andreas and Zahn, Claudia and Joost, Hans-Georg and Sch{\"u}rmann, Annette},
  journal={Molecular membrane biology},
  volume={22},
  number={4},
  pages={339--351},
  year={2005},
  publisher={Taylor \& Francis}
}

@article{matsuzaka2012glut12,
  title={GLUT12: a second insulin-responsive glucose transporters as an emerging target for type 2 diabetes},
  author={Matsuzaka, Takashi and Shimano, Hitoshi},
  journal={Journal of diabetes investigation},
  volume={3},
  number={2},
  pages={130},
  year={2012},
  publisher={Wiley-Blackwell}
}

@article{waller2013glut12,
  title={GLUT12 functions as a basal and insulin-independent glucose transporter in the heart},
  author={Waller, Amanda P and George, Michael and Kalyanasundaram, Anuradha and Kang, Chen and Periasamy, Muthu and Hu, Keli and Lacombe, V{\'e}ronique A},
  journal={Biochimica et Biophysica Acta (BBA)-Molecular Basis of Disease},
  volume={1832},
  number={1},
  pages={121--127},
  year={2013},
  publisher={Elsevier}
}

@misc{waller2011glut,
  title={GLUT-12: A Novel Insulin-Sensitive Glucose Transporter in the Heart?},
  author={Waller, Amanda and Kalyanasundaram, Anuradha and Periasamy, Muthu and Lacombe, Veronique A},
  year={2011},
  publisher={Am Heart Assoc}
}

@article{wu2002glut14,
  title={GLUT14, a duplicon of GLUT3, is specifically expressed in testis as alternative splice forms},
  author={Wu, Xiaohua and Freeze, Hudson H},
  journal={Genomics},
  volume={80},
  number={6},
  pages={553--557},
  year={2002},
  publisher={Elsevier}
}

@article{amir2017slc2a14,
  title={The SLC2A14 gene, encoding the novel glucose/dehydroascorbate transporter GLUT14, is associated with inflammatory bowel disease},
  author={Amir Shaghaghi, Mandana and Zhouyao, Haonan and Tu, Hongbin and El-Gabalawy, Hani and Crow, Gary H and Levine, Mark and Bernstein, Charles N and Eck, Peter},
  journal={The American Journal of Clinical Nutrition},
  volume={106},
  number={6},
  pages={1508--1513},
  year={2017},
  publisher={Oxford University Press}
}

@article{parent1992electrogenic,
	title={Electrogenic properties of the cloned Na+/glucose cotransporter: II. A transport model under nonrapid equilibrium conditions},
	author={Parent, Lucie and Supplisson, St{\'e}phane and Loo, Donald DF and Wright, Ernest M},
	journal={Journal of Membrane Biology},
	volume={125},
	number={1},
	pages={63--79},
	year={1992},
	publisher={Springer}
}

@article{ghezzi2018physiology,
  title={Physiology of renal glucose handling via SGLT1, SGLT2 and GLUT2},
  author={Ghezzi, Chiara and Loo, Donald DF and Wright, Ernest M},
  journal={Diabetologia},
  volume={61},
  number={10},
  pages={2087--2097},
  year={2018},
  publisher={Springer}
}

@article{mosley2015sodium,
  title={Sodium-glucose linked transporter 2 (SGLT2) inhibitors in the management of type-2 diabetes: a drug class overview},
  author={Mosley, Juan F and II, Lillian Smith and Everton, Emily and Fellner, Chris},
  journal={Pharmacy and Therapeutics},
  volume={40},
  number={7},
  pages={451},
  year={2015},
  publisher={MediMedia, USA}
}
@article{van2017sodium,
  title={Sodium-myoinositol cotransporter-1, SMIT1, mediates the production of reactive oxygen species induced by hyperglycemia in the heart},
  author={Van Steenbergen, Anne and Balteau, Magali and Ginion, Audrey and Fert{\'e}, Laura and Battault, Sylvain and De Ravenstein, Christophe De Meester and Balligand, Jean-Luc and Daskalopoulos, Evangelos-Panagiotis and Gilon, Patrick and Despa, Florin and others},
  journal={Scientific reports},
  volume={7},
  number={1},
  pages={1--14},
  year={2017},
  publisher={Nature Publishing Group}
}

@article{battault2019smit1,
  title={SMIT1 is a novel cardiac sodium glucose co-transporter with potential implication in cardiac fibrosis},
  author={Battault, S and Cumps, J and Dufeys, C and Ginion, A and Van Steenbergen, A and Furtos, A and Des Rosiers, C and Jacquet, LM and Esfahani, H and Balligand, JL and others},
  journal={Archives of Cardiovascular Diseases Supplements},
  volume={11},
  number={2},
  pages={236--237},
  year={2019},
  publisher={Elsevier}
}

@article{fairchild2008protection,
  title={Protection of muscle membrane excitability during cycling in humans: a role for SGLT3?},
  author={Fairchild, Timothy J},
  journal={Journal of Applied Physiology},
  volume={104},
  number={1},
  pages={315--315},
  year={2008},
  publisher={American Physiological Society}
}

@article{diez2001na+,
  title={Na+-to-sugar stoichiometry of SGLT3},
  author={D{\'\i}ez-Sampedro, Ana and Eskandari, Sepehr and Wright, Ernest M and Hirayama, Bruce A},
  journal={American Journal of Physiology-Renal Physiology},
  volume={280},
  number={2},
  pages={F278--F282},
  year={2001},
  publisher={American Physiological Society Bethesda, MD}
}

@article{raybould2008nutrient,
  title={Nutrient sensing in the gastrointestinal tract: possible role for nutrient transporters},
  author={Raybould, Helen E},
  journal={Journal of physiology and biochemistry},
  volume={64},
  number={4},
  pages={349--356},
  year={2008},
  publisher={Springer}
}

@article{ravera2017sodium,
  title={The sodium/iodide symporter (NIS): molecular physiology and preclinical and clinical applications},
  author={Ravera, Silvia and Reyna-Neyra, Andrea and Ferrandino, Giuseppe and Amzel, L Mario and Carrasco, Nancy},
  journal={Annual review of physiology},
  volume={79},
  pages={261--289},
  year={2017},
  publisher={Annual Reviews}
}

@article{hingorani2010biology,
  title={The biology of the sodium iodide symporter and its potential for targeted gene delivery},
  author={Hingorani, M and Spitzweg, C and Vassaux, G and Newbold, K and Melcher, A and Pandha, H and Vile, R and Harrington, K},
  journal={Current cancer drug targets},
  volume={10},
  number={2},
  pages={242--267},
  year={2010},
  publisher={Bentham Science Publishers}
}

@article{portulano2014na+,
  title={The Na+/I- symporter (NIS): mechanism and medical impact},
  author={Portulano, Carla and Paroder-Belenitsky, Monika and Carrasco, Nancy},
  journal={Endocrine reviews},
  volume={35},
  number={1},
  pages={106--149},
  year={2014},
  publisher={Oxford University Press}
}

@article{dutt2012sodium,
  title={Sodium dependent multivitamin transporter (SMVT): a potential target for drug delivery},
  author={Dutt Vadlapudi, Aswani and Krishna Vadlapatla, Ramya and K Mitra, Ashim},
  journal={Current drug targets},
  volume={13},
  number={7},
  pages={994--1003},
  year={2012},
  publisher={Bentham Science Publishers}
}
@article{sabui2016role,
  title={Role of the sodium-dependent multivitamin transporter (SMVT) in the maintenance of intestinal mucosal integrity},
  author={Sabui, Subrata and Bohl, Jennifer Ann and Kapadia, Rubina and Cogburn, Kyle and Ghosal, Abhisek and Lambrecht, Nils W and Said, Hamid M},
  journal={American Journal of Physiology-Gastrointestinal and Liver Physiology},
  volume={311},
  number={3},
  pages={G561--G570},
  year={2016},
  publisher={American Physiological Society Bethesda, MD}
}


@article{ag2012choline,
  title={Choline transporter CHT regulation and function in cholinergic neurons},
  author={AG Black, Stefanie and Jane Rylett, R},
  journal={Central Nervous System Agents in Medicinal Chemistry (Formerly Current Medicinal Chemistry-Central Nervous System Agents)},
  volume={12},
  number={2},
  pages={114--121},
  year={2012},
  publisher={Bentham Science Publishers}
}

@incollection{GILL20121819,
title = "Chapter 67 - Intestinal Anion Absorption",
editor = "Leonard R. Johnson and Fayez K. Ghishan and Jonathan D. Kaunitz and Juanita L. Merchant and Hamid M. Said and Jackie D. Wood",
booktitle = "Physiology of the Gastrointestinal Tract (Fifth Edition)",
publisher = "Academic Press",
edition = "Fifth Edition",
address = "Boston",
pages = "1819 - 1847",
year = "2012",
isbn = "978-0-12-382026-6",
doi = "https://doi.org/10.1016/B978-0-12-382026-6.00067-1",
url = "http://www.sciencedirect.com/science/article/pii/B9780123820266000671",
author = "Ravinder K. Gill and Waddah A. Alrefai and Alip Borthakur and Pradeep K. Dudeja"
}

@article{martin2006identity,
  title={Identity of SMCT1 (SLC5A8) as a neuron-specific Na+-coupled transporter for active uptake of l-lactate and ketone bodies in the brain},
  author={Martin, Pamela M and Gopal, Elangovan and Ananth, Sudha and Zhuang, Lina and Itagaki, Shiro and Prasad, Balakrishna M and Smith, Sylvia B and Prasad, Puttur D and Ganapathy, Vadivel},
  journal={Journal of neurochemistry},
  volume={98},
  number={1},
  pages={279--288},
  year={2006},
  publisher={Wiley Online Library}
}

@article{tazawa2005slc5a9,
  title={SLC5A9/SGLT4, a new Na+-dependent glucose transporter, is an essential transporter for mannose, 1, 5-anhydro-D-glucitol, and fructose},
  author={Tazawa, Shigeki and Yamato, Tokuhisa and Fujikura, Hideki and Hiratochi, Masahiro and Itoh, Fumiaki and Tomae, Masaki and Takemura, Yukiko and Maruyama, Hidetoshi and Sugiyama, Tomoyasu and Wakamatsu, Ai and others},
  journal={Life sciences},
  volume={76},
  number={9},
  pages={1039--1050},
  year={2005},
  publisher={Elsevier}
}

@article{fukuzawa2013sglt5,
  title={SGLT5 reabsorbs fructose in the kidney but its deficiency paradoxically exacerbates hepatic steatosis induced by fructose},
  author={Fukuzawa, Taku and Fukazawa, Masanori and Ueda, Otoya and Shimada, Hideaki and Kito, Aki and Kakefuda, Mami and Kawase, Yosuke and Wada, Naoko A and Goto, Chisato and Fukushima, Naoshi and others},
  journal={PLoS One},
  volume={8},
  number={2},
  year={2013},
  publisher={Public Library of Science}
}

@article{grempler2012functional,
  title={Functional characterisation of human SGLT-5 as a novel kidney-specific sodium-dependent sugar transporter},
  author={Grempler, Rolf and Augustin, Robert and Froehner, Stefanie and Hildebrandt, Tobias and Simon, Eric and Mark, Michael and Eickelmann, Peter},
  journal={FEBS letters},
  volume={586},
  number={3},
  pages={248--253},
  year={2012},
  publisher={Elsevier}
}
@article{lin2009human,
  title={Human sodium/inositol cotransporter 2 (SMIT2) transports inositols but not glucose in L6 cells},
  author={Lin, Xiaobo and Ma, Lina and Fitzgerald, Robin L and Ostlund Jr, Richard E},
  journal={Archives of biochemistry and biophysics},
  volume={481},
  number={2},
  pages={197--201},
  year={2009},
  publisher={Elsevier}
}

@article{sasseville2014transport,
  title={The transport mechanism of the human sodium/myo-inositol transporter 2 (SMIT2/SGLT6), a member of the LeuT structural family},
  author={Sasseville, Louis J and Longpr{\'e}, Jean-Philippe and Wallendorff, Bernadette and Lapointe, Jean-Yves},
  journal={American Journal of Physiology-Cell Physiology},
  volume={307},
  number={5},
  pages={C431--C441},
  year={2014},
  publisher={American Physiological Society Bethesda, MD}
}

@article{teramae2010cellular,
  title={The cellular expression of SMCT2 and its comparison with other transporters for monocarboxylates in the mouse digestive tract},
  author={Teramae, Hiroki and Yoshikawa, Tohru and Inoue, Ryo and Ushida, Kazunari and Takebe, Kumiko and Nio-Kobayashi, Junko and Iwanaga, Toshihiko},
  journal={Biomedical research},
  volume={31},
  number={4},
  pages={239--249},
  year={2010},
  publisher={Biomedical Research Press}
}

@article{gopal2007cloning,
  title={Cloning and functional characterization of human SMCT2 (SLC5A12) and expression pattern of the transporter in kidney},
  author={Gopal, E and Umapathy, NS and Martin, Pamela Moore and Ananth, S and Gnana-Prakasam, Jaya Pranava and Becker, H and Wagner, CA and Ganapathy, V and Prasad, Puttur D},
  journal={Biochimica et Biophysica Acta (BBA)-Biomembranes},
  volume={1768},
  number={11},
  pages={2690--2697},
  year={2007},
  publisher={Elsevier}
}

@article{willford2015evidence,
  title={Evidence for a revised ion/substrate coupling stoichiometry of GABA transporters},
  author={Willford, Samantha L and Anderson, Cynthia M and Spencer, Shelly R and Eskandari, Sepehr},
  journal={The Journal of membrane biology},
  volume={248},
  number={4},
  pages={795--810},
  year={2015},
  publisher={Springer}
}

@article{scimemi2014structure,
  title={Structure, function, and plasticity of GABA transporters},
  author={Scimemi, Annalisa},
  journal={Frontiers in cellular neuroscience},
  volume={8},
  pages={161},
  year={2014},
  publisher={Frontiers}
}

@incollection{pu2015regulation,
  title={Regulation of membrane transporters by delta-opioid receptors},
  author={Pu, Lu and Xu, Yinfang and Schwarz, Wolfgang},
  booktitle={Neural Functions of the Delta-Opioid Receptor},
  pages={349--361},
  year={2015},
  publisher={Springer}
}

@article{wright2013glucose,
  title={Glucose transport families SLC5 and SLC50},
  author={Wright, Ernest M},
  journal={Molecular aspects of medicine},
  volume={34},
  number={2-3},
  pages={183--196},
  year={2013},
  publisher={Elsevier}
}
@article{pramod2013slc6,
  title={SLC6 transporters: structure, function, regulation, disease association and therapeutics},
  author={Pramod, Akula Bala and Foster, James and Carvelli, Lucia and Henry, L Keith},
  journal={Molecular aspects of medicine},
  volume={34},
  number={2-3},
  pages={197--219},
  year={2013},
  publisher={Elsevier}
}

@article{ramamoorthy1992active,
  title={Active transport of dopamine in human placental brush-border membrane vesicles},
  author={Ramamoorthy, SAMMANDA and Leibach, FREDERICK H and Mahesh, VIRENDRA B and Ganapathy, VADIVEL},
  journal={American Journal of Physiology-Cell Physiology},
  volume={262},
  number={5},
  pages={C1189--C1196},
  year={1992},
  publisher={American Physiological Society Bethesda, MD}
}

@article{harder1985effects,
  title={Effects of monovalent ions on the transport of noradrenaline across the plasma membrane of neuronal cells (PC-12 cells)},
  author={Harder, R and B{\"o}nisch, H},
  journal={Journal of neurochemistry},
  volume={45},
  number={4},
  pages={1154--1162},
  year={1985},
  publisher={Wiley Online Library}
}
@article{broer2012solute,
  title={The solute carrier 6 family of transporters},
  author={Br{\"o}er, Stefan and Gether, Ulrik},
  journal={British journal of pharmacology},
  volume={167},
  number={2},
  pages={256--278},
  year={2012},
  publisher={Wiley Online Library}
}
@article{kristensen2011slc6,
  title={SLC6 neurotransmitter transporters: structure, function, and regulation},
  author={Kristensen, Anders S and Andersen, Jacob and J{\o}rgensen, Trine N and S{\o}rensen, Lena and Eriksen, Jacob and Loland, Claus J and Str{\o}mgaard, Kristian and Gether, Ulrik},
  journal={Pharmacological reviews},
  volume={63},
  number={3},
  pages={585--640},
  year={2011},
  publisher={ASPET}
}

@incollection{dasgupta2015245,
title = "Chapter 10 - Genetic Markers of Alcohol Use Disorder",
editor = "Amitava Dasgupta",
booktitle = "Alcohol and its Biomarkers",
publisher = "Elsevier",
address = "San Diego",
pages = "245 - 288",
year = "2015",
isbn = "978-0-12-800339-8",
doi = "https://doi.org/10.1016/B978-0-12-800339-8.00010-9",
url = "http://www.sciencedirect.com/science/article/pii/B9780128003398000109",
author = "Amitava Dasgupta",
keywords = "Polymorphism, genes encoding dopamine receptors, genes encoding serotonin receptors, acetylcholine, glutamate receptor",}

@article{borre2014second,
  title={The second sodium site in the dopamine transporter controls cation permeation and is regulated by chloride},
  author={Borre, Lars and Andreassen, Thorvald F and Shi, Lei and Weinstein, Harel and Gether, Ulrik},
  journal={Journal of Biological Chemistry},
  volume={289},
  number={37},
  pages={25764--25773},
  year={2014},
  publisher={ASBMB}
}
@article{cleal2008mechanism,
  title={The Mechanisms and Regulation of Placental Amino Acid Transport to the Human Foetus},
  author={J.K Cleal and R.M. Lewis},
  journal={Journal of Neuroendocrinology},
  volume={20},
  number={4},
  pages={419--426},
  year={2008},
  publisher={Blackwell Publishing Ltd.}
}
@article{suzuki2008mechanisms,
  title={Mechanisms and regulation of epithelial Ca2+ absorption in health and disease},
  author={Suzuki, Yoshiro and Landowski, Christopher P and Hediger, Matthias A},
  journal={Annu. Rev. Physiol.},
  volume={70},
  pages={257--271},
  year={2008},
  publisher={Annual Reviews}
}
@article{quednau2004sodium,
  title={The sodium/calcium exchanger family—SLC8},
  author={Quednau, Beate D and Nicoll, Debora A and Philipson, Kenneth D},
  journal={Pfl{\"u}gers Archiv},
  volume={447},
  number={5},
  pages={543--548},
  year={2004},
  publisher={Springer}
}
@article{lytton2007na+,
  title={Na+/Ca2+ exchangers: three mammalian gene families control Ca2+ transport},
  author={Lytton, Jonathan},
  journal={Biochemical Journal},
  volume={406},
  number={3},
  pages={365--382},
  year={2007},
  publisher={Portland Press Ltd.}
}
@article{khananshvili2014sodium,
  title={Sodium-calcium exchangers (NCX): molecular hallmarks underlying the tissue-specific and systemic functions},
  author={Khananshvili, Daniel},
  journal={Pfl{\"u}gers Archiv-European Journal of Physiology},
  volume={466},
  number={1},
  pages={43--60},
  year={2014},
  publisher={Springer}
}

@Inbook{Rudnick2006,
author="Rudnick, G.",
editor="Sitte, Harald H.
and Freissmuth, Michael",
title="Structure/Function Relationships in Serotonin Transporter: New Insights from the Structure of a Bacterial Transporter",
bookTitle="Neurotransmitter Transporters",
year="2006",
publisher="Springer Berlin Heidelberg",
address="Berlin, Heidelberg",
pages="59--73",
isbn="978-3-540-29784-0",
doi="10.1007/3-540-29784-7_3",
url="https://doi.org/10.1007/3-540-29784-7_3"
}

@article{de2016current,
  title={A current view of serotonin transporters},
  author={De Felice, Louis J},
  journal={F1000Research},
  volume={5},
  year={2016},
  publisher={Faculty of 1000 Ltd}
}

@article{felts2014two,
  title={The two Na+ sites in the human serotonin transporter play distinct roles in the ion coupling and electrogenicity of transport},
  author={Felts, Bruce and Pramod, Akula Bala and Sandtner, Walter and Burbach, Nathan and Bulling, Simon and Sitte, Harald H and Henry, L Keith},
  journal={Journal of Biological Chemistry},
  volume={289},
  number={3},
  pages={1825--1840},
  year={2014},
  publisher={ASBMB}
}

@article{gu1996ion,
  title={Ion coupling stoichiometry for the norepinephrine transporter in membrane vesicles from stably transfected cells},
  author={Gu, Howard H and Wall, Stephen and Rudnick, Gary},
  journal={Journal of Biological Chemistry},
  volume={271},
  number={12},
  pages={6911--6916},
  year={1996},
  publisher={ASBMB}
}
@article{orlowski2004diversity,
  title={Diversity of the mammalian sodium/proton exchanger SLC9 gene family},
  author={Orlowski, John and Grinstein, Sergio},
  journal={Pfl{\"u}gers Archiv},
  volume={447},
  number={5},
  pages={549--565},
  year={2004},
  publisher={Springer}
}

@article{zafra2017glycinergic,
  title={Glycinergic transmission: glycine transporter GlyT2 in neuronal pathologies},
  author={Zafra, Francisco and Ib{\'a}{\~n}ez, Ignacio and Gim{\'e}nez, Cecilio},
  journal={Neuronal Signaling},
  volume={1},
  number={1},
  year={2017},
  publisher={Portland Press}
}

@article{aragon2005glycine,
  title={Glycine transporters: crucial roles of pharmacological interest revealed by gene deletion},
  author={Arag{\'o}n, Carmen and L{\'o}pez-Corcuera, Beatriz},
  journal={Trends in pharmacological sciences},
  volume={26},
  number={6},
  pages={283--286},
  year={2005},
  publisher={Elsevier}
}

@article{morrow1998molecular,
  title={Molecular cloning and functional expression of the human glycine transporter GlyT2 and chromosomal localisation of the gene in the human genome},
  author={Morrow, JA and Collie, IT and Dunbar, DR and Walker, GB and Shahid, M and Hill, DR},
  journal={FEBS letters},
  volume={439},
  number={3},
  pages={334--340},
  year={1998},
  publisher={Wiley Online Library}
}
@article{windler2018solute,
  title={The solute carrier SLC9C1 is a Na+/H+-exchanger gated by an S4-type voltage-sensor and cyclic-nucleotide binding},
  author={Windler, Florian and B{\"o}nigk, Wolfgang and K{\"o}rschen, Heinz Gerd and Grahn, E and Str{\"u}nker, Timo and Seifert, Reinhard and Kaupp, Ulrich Benjamin},
  journal={Nature communications},
  volume={9},
  number={1},
  pages={1--13},
  year={2018},
  publisher={Nature Publishing Group}
}
@article{bobulescu2005na+,
  title={Na+/H+ exchangers: physiology and link to hypertension and organ ischemia},
  author={Bobulescu, I Alexandru and Di Sole, Francesca and Moe, Orson W},
  journal={Current opinion in nephrology and hypertension},
  volume={14},
  number={5},
  pages={485},
  year={2005},
  publisher={NIH Public Access}
}
@article{safaei2017mathematical,
  title={Mathematical Model},
  author={Safaei, Soroush},
  year={2017}
}

@article{wolff1988taurine,
  title={Taurine transport by rabbit kidney brush-border membranes: coupling to sodium, chloride, and the membrane potential},
  author={Wolff, NA and Kinne, R},
  journal={The Journal of membrane biology},
  volume={102},
  number={2},
  pages={131--139},
  year={1988},
  publisher={Springer}
}

@article{tomi2008function,
  title={Function of taurine transporter (Slc6a6/TauT) as a GABA transporting protein and its relevance to GABA transport in rat retinal capillary endothelial cells},
  author={Tomi, Masatoshi and Tajima, Ayumi and Tachikawa, Masanori and Hosoya, Ken-ichi},
  journal={Biochimica Et Biophysica Acta (BBA)-Biomembranes},
  volume={1778},
  number={10},
  pages={2138--2142},
  year={2008},
  publisher={Elsevier}
}

@article{schulz2018inactivation,
  title={Inactivation of the mouse L-proline transporter PROT alters glutamatergic synapse biochemistry and perturbs behaviors required to respond to environmental changes},
  author={Schulz, Daniel and Morschel, Julia and Schuster, Stefanie and Eulenburg, Volker and Gomeza, Jes{\'u}s},
  journal={Frontiers in molecular neuroscience},
  volume={11},
  pages={279},
  year={2018},
  publisher={Frontiers}
}
@article{donowitz2013slc9,
  title={SLC9/NHE gene family, a plasma membrane and organellar family of Na+/H+ exchangers},
  author={Donowitz, Mark and Tse, C Ming and Fuster, Daniel},
  journal={Molecular aspects of medicine},
  volume={34},
  number={2-3},
  pages={236--251},
  year={2013},
  publisher={Elsevier}
}

@article{li2010regulation,
  title={Regulation of the creatine transporter by AMP-activated protein kinase in kidney epithelial cells},
  author={Li, Hui and Thali, Ramon F and Smolak, Christy and Gong, Fan and Alzamora, Rodrigo and Wallimann, Theo and Scholz, Roland and Pastor-Soler, N{\'u}ria M and Neumann, Dietbert and Hallows, Kenneth R},
  journal={American Journal of Physiology-Renal Physiology},
  volume={299},
  number={1},
  pages={F167--F177},
  year={2010},
  publisher={American Physiological Society Bethesda, MD}
}

@article{peral2002human,
  title={Human, rat and chicken small intestinal Na+-Cl--creatine transporter: functional, molecular characterization and localization},
  author={Peral, MJ and Garc{\'\i}a-Delgado, M and Calonge, ML and Duran, JM and De La Horra, MC and Wallimann, T and Speer, O and Ilund{\'a}in, AA},
  journal={The Journal of physiology},
  volume={545},
  number={1},
  pages={133--144},
  year={2002},
  publisher={Wiley Online Library}
}

@article{benito2018modification,
  title={Modification of a putative third sodium site in the glycine transporter GlyT2 influences the chloride dependence of substrate transport},
  author={Benito-Mu{\~n}oz, Cristina and Perona, Almudena and Abia, David and Dos Santos, Helena G and N{\'u}{\~n}ez, Enrique and Arag{\'o}n, Carmen and L{\'o}pez-Corcuera, Beatriz},
  journal={Frontiers in molecular neuroscience},
  volume={11},
  pages={347},
  year={2018},
  publisher={Frontiers}
}

@article{harsing2006glycine,
  title={Glycine transporter type-1 and its inhibitors},
  author={Harsing, Jr and Juranyi, Zs and Gacsalyi, I and Tapolcsanyi, P and Czompa, A and Matyus, P and others},
  journal={Current medicinal chemistry},
  volume={13},
  number={9},
  pages={1017--1044},
  year={2006},
  publisher={Bentham Science Publishers}
}

@Inbook{Bodamer2009,
author="Bodamer, Olaf A.
and St{\"o}ckler-Ipsiroglu, Sylvia",
editor="Lang, Florian",
title="Creatine Transporter Deficiency",
bookTitle="Encyclopedia of Molecular Mechanisms of Disease",
year="2009",
publisher="Springer Berlin Heidelberg",
address="Berlin, Heidelberg",
pages="460--461",
isbn="978-3-540-29676-8",
doi="10.1007/978-3-540-29676-8_424",
url="https://doi.org/10.1007/978-3-540-29676-8_424"
}

@article{ndika2014cloning,
  title={Cloning and characterization of the promoter regions from the parent and paralogous creatine transporter genes},
  author={Ndika, Joseph DT and Lusink, Vera and Beaubrun, Claudine and Kanhai, Warsha and Martinez-Munoz, Cristina and Jakobs, Cornelis and Salomons, Gajja S},
  journal={Gene},
  volume={533},
  number={2},
  pages={488--493},
  year={2014},
  publisher={Elsevier}
}

@article{borden1996gaba,
  title={GABA transporter heterogeneity: pharmacology and cellular localization},
  author={BORDEN, LAURENCE A},
  journal={Neurochemistry international},
  volume={29},
  number={4},
  pages={335--356},
  year={1996},
  publisher={Elsevier}
}

@article{jin2011localization,
  title={Localization and function of GABA transporters GAT-1 and GAT-3 in the basal ganglia},
  author={Jin, Xiaotao and Galvan, Adriana and Wichman, Thomas and Smith, Yoland},
  journal={Frontiers in systems neuroscience},
  volume={5},
  pages={63},
  year={2011},
  publisher={Frontiers}
}

@article{zhou2012betaine,
  title={The betaine-GABA transporter (BGT1, slc6a12) is predominantly expressed in the liver and at lower levels in the kidneys and at the brain surface},
  author={Zhou, Yun and Holmseth, Silvia and Hua, Rui and Lehre, Anne Catherine and Olofsson, Anna Maria and Poblete-Naredo, Irais and Kempson, Stephen A and Danbolt, Niels Christian},
  journal={American Journal of Physiology-Renal Physiology},
  volume={302},
  number={3},
  pages={F316--F328},
  year={2012},
  publisher={American Physiological Society Bethesda, MD}
}

@article{takanaga2001gat2,
  title={GAT2/BGT-1 as a system responsible for the transport of $\gamma$-aminobutyric acid at the mouse blood--brain barrier},
  author={Takanaga, Hitomi and Ohtsuki, Sumio and Hosoya, Ken-ichi and Terasaki, Tetsuya},
  journal={Journal of Cerebral Blood Flow \& Metabolism},
  volume={21},
  number={10},
  pages={1232--1239},
  year={2001},
  publisher={SAGE Publications Sage UK: London, England}
}

@article{sloan2003expression,
  title={Expression of the amino acid transporter ATB0+ in lung: possible role in luminal protein removal},
  author={Sloan, Jennifer L and Grubb, Barbara R and Mager, Sela},
  journal={American Journal of Physiology-Lung Cellular and Molecular Physiology},
  volume={284},
  number={1},
  pages={L39--L49},
  year={2003},
  publisher={American Physiological Society Bethesda, MD}
}

@article{ahmadi2018slc6a14,
  title={SLC6A14, an amino acid transporter, modifies the primary CF defect in fluid secretion},
  author={Ahmadi, Saumel and Xia, Sunny and Wu, Yu-Sheng and Di Paola, Michelle and Kissoon, Randolph and Luk, Catherine and Lin, Fan and Du, Kai and Rommens, Johanna and Bear, Christine E},
  journal={Elife},
  volume={7},
  pages={e37963},
  year={2018},
  publisher={eLife Sciences Publications Limited}
}

@article{bhutia2014amino,
  title={The amino acid transporter SLC6A14 in cancer and its potential use in chemotherapy},
  author={Bhutia, Yangzom D and Babu, Ellappan and Prasad, Puttur D and Ganapathy, Vadivel},
  journal={asian journal of pharmaceutical sciences},
  volume={9},
  number={6},
  pages={293--303},
  year={2014},
  publisher={Elsevier}
}

@article{schuhmacher2013variant,
  title={A variant of the neuronal amino acid transporter SLC6A15 is associated with ACTH and cortisol responses and cognitive performance in unipolar depression},
  author={Schuhmacher, Anna and Lennertz, Leonhard and Wagner, Michael and H{\"o}fels, Susanne and Pfeiffer, Ute and Guttenthaler, Vera and Maier, Wolfgang and Zobel, Astrid and M{\"o}ssner, Rainald},
  journal={International Journal of Neuropsychopharmacology},
  volume={16},
  number={1},
  pages={83--90},
  year={2013},
  publisher={Cambridge University Press Cambridge, UK}
}

@article{kohli2011neuronal,
  title={The neuronal transporter gene SLC6A15 confers risk to major depression},
  author={Kohli, Martin A and Lucae, Susanne and Saemann, Philipp G and Schmidt, Mathias V and Demirkan, Ayse and Hek, Karin and Czamara, Darina and Alexander, Michael and Salyakina, Daria and Ripke, Stephan and others},
  journal={Neuron},
  volume={70},
  number={2},
  pages={252--265},
  year={2011},
  publisher={Elsevier}
}

@article{bohmer2005characterization,
  title={Characterization of mouse amino acid transporter B0AT1 (slc6a19)},
  author={B{\"o}hmer, Christoph and Br{\"o}er, Angelika and Munzinger, Michael and Kowalczuk, Sonja and Rasko, John EJ and Lang, Florian and Br{\"o}er, Stefan},
  journal={Biochemical Journal},
  volume={389},
  number={3},
  pages={745--751},
  year={2005},
  publisher={Portland Press Ltd.}
}

@article{broer2009role,
  title={The role of the neutral amino acid transporter B0AT1 (SLC6A19) in Hartnup disorder and protein nutrition},
  author={Br{\"o}er, Stefan},
  journal={IUBMB life},
  volume={61},
  number={6},
  pages={591--599},
  year={2009},
  publisher={Wiley Online Library}
}

@article{broer2009sodium,
  title={Sodium translocation by the iminoglycinuria associated imino transporter (SLC6A20)},
  author={Br{\"o}er, Angelika and Balkrishna, Sarojini and Kottra, Gabor and Davis, Sarah and Oakley, Aaron and Br{\"o}er, Stefan},
  journal={Molecular membrane biology},
  volume={26},
  number={5-7},
  pages={333--346},
  year={2009},
  publisher={Taylor \& Francis}
}

@article{takanaga2005identification,
  title={Identification of mammalian proline transporter SIT1 (SLC6A20) with characteristics of classical system imino},
  author={Takanaga, Hitomi and Mackenzie, Bryan and Suzuki, Yoshiro and Hediger, Matthias A},
  journal={Journal of Biological Chemistry},
  volume={280},
  number={10},
  pages={8974--8984},
  year={2005},
  publisher={ASBMB}
}
@article{milosavljevic2014intracellular,
  title={The intracellular Na+/H+ exchanger NHE7 effects a Na+-coupled, but not K+-coupled proton-loading mechanism in endocytosis},
  author={Milosavljevic, Nina and Monet, Micha{\"e}l and L{\'e}na, Isabelle and Brau, Fr{\'e}d{\'e}ric and Lacas-Gervais, Sandra and Feliciangeli, Sylvain and Counillon, Laurent and Po{\"e}t, Mallorie},
  journal={Cell reports},
  volume={7},
  number={3},
  pages={689--696},
  year={2014},
  publisher={Elsevier}


@article{jungnickel2018structural,
  title={Structural basis for amino acid transport by the CAT family of SLC7 transporters},
  author={Jungnickel, Katharina EJ and Parker, Joanne L and Newstead, Simon},
  journal={Nature communications},
  volume={9},
  number={1},
  pages={1--12},
  year={2018},
  publisher={Nature Publishing Group}
}

@article{huang2007cationic,
  title={The cationic amino acid transporters CAT1 and CAT3 mediate NMDA receptor activation-dependent changes in elaboration of neuronal processes via the mammalian target of rapamycin mTOR pathway},
  author={Huang, Yunfei and Kang, Bingnan N and Tian, Jing and Liu, Yi and Luo, Hongbo R and Hester, Lynda and Snyder, Solomon H},
  journal={Journal of Neuroscience},
  volume={27},
  number={3},
  pages={449--458},
  year={2007},
  publisher={Soc Neuroscience}
}

@article{hatzoglou2004regulation,
  title={Regulation of cationic amino acid transport: the story of the CAT-1 transporter},
  author={Hatzoglou, Maria and Fernandez, James and Yaman, Ibrahim and Closs, Ellen},
  journal={Annu. Rev. Nutr.},
  volume={24},
  pages={377--399},
  year={2004},
  publisher={Annual Reviews}
 }
 
 @article{scalise2018human,
  title={The human SLC7A5 (LAT1): the intriguing histidine/large neutral amino acid transporter and its relevance to human health},
  author={Scalise, Mariafrancesca and Galluccio, Michele and Console, Lara and Pochini, Lorena and Indiveri, Cesare},
  journal={Frontiers in chemistry},
  volume={6},
  pages={243},
  year={2018},
  publisher={Frontiers}
}

@article{bhutia2016glutamine,
  title={Glutamine transporters in mammalian cells and their functions in physiology and cancer},
  author={Bhutia, Yangzom D and Ganapathy, Vadivel},
  journal={Biochimica et Biophysica Acta (BBA)-Molecular Cell Research},
  volume={1863},
  number={10},
  pages={2531--2539},
  year={2016},
  publisher={Elsevier}
}

@article{rotoli2020y+,
  title={y+ LAT1 and y+ LAT2 contribution to arginine uptake in different human cell models: Implications in the pathophysiology of Lysinuric Protein Intolerance},
  author={Rotoli, Bianca Maria and Barilli, Amelia and Visigalli, Rossana and Ferrari, Francesca and Dall’Asta, Valeria},
  journal={Journal of cellular and molecular medicine},
  volume={24},
  number={1},
  pages={921--929},
  year={2020},
  publisher={Wiley Online Library}
}

@article{guarch2018mutations,
  title={Mutations in L-type amino acid transporter-2 support SLC7A8 as a novel gene involved in age-related hearing loss},
  author={Guarch, Meritxell Espino and Font-Llitj{\'o}s, Mariona and Murillo-Cuesta, Silvia and Errasti-Murugarren, Ekaitz and Celaya, Adelaida M and Girotto, Giorgia and Vuckovic, Dragana and Mezzavilla, Massimo and Vilches, Clara and Bodoy, Susanna and others},
  journal={Elife},
  volume={7},
  pages={e31511},
  year={2018},
  publisher={eLife Sciences Publications Limited}
}

@article{font2001functional,
  title={Functional analysis of mutations in SLC7A9, and genotype--phenotype correlation in non-Type I cystinuria},
  author={Font, Mariona and Feliubadaló, Lídia and Estivill, Xavier and Nunes, Virginia and Golomb, Eliahu and Kreiss, Yitshak and Pras, Elon and Bisceglia, Luigi and d’Adamo, Adamo P and Zelante, Leopoldo and others},
  journal={Human molecular genetics},
  volume={10},
  number={4},
  pages={305--316},
  year={2001},
  publisher={Oxford University Press}
}

@article{ehmsen2016astrocytic,
  title={The astrocytic transporter SLC7A10 (Asc-1) mediates glycinergic inhibition of spinal cord motor neurons},
  author={Ehmsen, Jeffrey T and Liu, Yong and Wang, Yue and Paladugu, Nikhil and Johnson, Anna E and Rothstein, Jeffrey D and Du Lac, Sascha and Mattson, Mark P and H{\"o}ke, Ahmet},
  journal={Scientific reports},
  volume={6},
  pages={35592},
  year={2016},
  publisher={Nature Publishing Group}
}

@article{bassi2001identification,
  title={Identification and characterisation of human xCT that co-expresses, with 4F2 heavy chain, the amino acid transport activity system x c--},
  author={Bassi, Maria and Gasol, Emma and Manzoni, Marta and Pineda, Marta and Riboni, Mirko and Mart{\'\i}n, Rafael and Zorzano, Antonio and Borsani, Giuseppe and Palac{\'\i}n, Manuel},
  journal={Pfl{\"u}gers Archiv},
  volume={442},
  number={2},
  pages={286--296},
  year={2001},
  publisher={Springer}
}

@article{ananth2013induction,
  title={Induction of the cystine/glutamate exchanger SLC7A11 in retinal pigment epithelial cells by the antipsoriatic drug monomethylfumarate},
  author={Ananth, Sudha and Babu, Ellappan and Veeranan-Karmegam, Rajalakshmi and Baldowski, Brooke R Bozard and Boettger, Thomas and Martin, Pamela M},
  journal={Investigative ophthalmology \& visual science},
  volume={54},
  number={3},
  pages={1592--1602},
  year={2013},
  publisher={The Association for Research in Vision and Ophthalmology}
}

@article{han1995characterization,
  title={Characterization of AGT1 encoding a general $\alpha$-glucoside transporter from Saccharomyces},
  author={Han, Eun-Kyoung and Cotty, Francis and Sottas, Chantal and Jiang, Hua and Michels, Corinne A},
  journal={Molecular microbiology},
  volume={17},
  number={6},
  pages={1093--1107},
  year={1995},
  publisher={Wiley Online Library}
}

@article{kulikova2018activity,
  title={Activity of the $\alpha$-glucoside transporter Agt1 in Saccharomyces cerevisiae cells during dehydration-rehydration events},
  author={Kulikova-Borovikova, Diana and Lisi, Silvia and Dauss, Edgars and Alamae, Tiina and Buzzini, Pietro and Hallsworth, John E and Rapoport, Alexander},
  journal={Fungal biology},
  volume={122},
  number={6},
  pages={613--620},
  year={2018},
  publisher={Elsevier}
}


@article{kumai2012mechanisms,
  title={Mechanisms and regulation of Na+ uptake by freshwater fish},
  author={Kumai, Yusuke and Perry, Steve F},
  journal={Respiratory physiology \& neurobiology},
  volume={184},
  number={3},
  pages={249--256},
  year={2012},
  publisher={Elsevier}
}
@article{liu2016salt,
  title={Salt secretion is linked to acid-base regulation of ionocytes in seawater-acclimated medaka: new insights into the salt-secreting mechanism},
  author={Liu, Sian-Tai and Horng, Jiun-Lin and Chen, Po-Yen and Hwang, Pung-Pung and Lin, Li-Yih},
  journal={Scientific reports},
  volume={6},
  pages={31433},
  year={2016},
  publisher={Nature Publishing Group}
}
@article{da2013solute,
  title={The solute carrier family 10 (SLC10): beyond bile acid transport},
  author={Da Silva, Tatiana Claro and Polli, James E and Swaan, Peter W},
  journal={Molecular aspects of medicine},
  volume={34},
  number={2-3},
  pages={252--269},
  year={2013},
  publisher={Elsevier}
}
@article{hagenbuch2004sodium,
  title={The sodium bile salt cotransport family SLC10},
  author={Hagenbuch, Bruno and Dawson, Paul},
  journal={Pfl{\"u}gers Archiv},
  volume={447},
  number={5},
  pages={566--570},
  year={2004},
  publisher={Springer}
}

@article{bakhaus2018sodium,
  title={Sodium-dependent organic anion transporter (Slc10a6-/-) knockout mice show normal spermatogenesis and reproduction, but elevated serum levels for cholesterol sulfate},
  author={Bakhaus, Katharina and Bennien, Josefine and Fietz, Daniela and S{\'a}nchez-Guijo, Alberto and Hartmann, Michaela and Serafini, Rosanna and Love, Charles C and Golovko, Andrei and Wudy, Stefan A and Bergmann, Martin and others},
  journal={The Journal of steroid biochemistry and molecular biology},
  volume={179},
  pages={45--54},
  year={2018},
  publisher={Elsevier}
}

@article{geyer2007cloning,
  title={Cloning and functional characterization of human sodium-dependent organic anion transporter (SLC10A6)},
  author={Geyer, Joachim and D{\"o}ring, Barbara and Meerkamp, Kerstin and Ugele, Bernhard and Bakhiya, Nadiya and Fernandes, Carla F and Godoy, Jos{\'e} R and Glatt, Hansruedi and Petzinger, Ernst},
  journal={Journal of Biological Chemistry},
  volume={282},
  number={27},
  pages={19728--19741},
  year={2007},
  publisher={ASBMB}
}

@incollection{DAWSON2018931,
title = "Chapter 41 - Bile Formation and the Enterohepatic Circulation",
editor = "Hamid M. Said",
booktitle = "Physiology of the Gastrointestinal Tract (Sixth Edition)",
publisher = "Academic Press",
edition = "Sixth Edition",
pages = "931 - 956",
year = "2018",
isbn = "978-0-12-809954-4",
doi = "https://doi.org/10.1016/B978-0-12-809954-4.00041-4",
url = "http://www.sciencedirect.com/science/article/pii/B9780128099544000414",
author = "Paul A. Dawson",
keywords = "Bile acids, Transporters, Nuclear receptors, Liver, Intestine",
}

@article{geyer2006solute,
  title={The solute carrier family SLC10: more than a family of bile acid transporters regarding function and phylogenetic relationships},
  author={Geyer, J and Wilke, T and Petzinger, E},
  journal={Naunyn-Schmiedeberg's archives of pharmacology},
  volume={372},
  number={6},
  pages={413--431},
  year={2006},
  publisher={Springer}
}

@article{mackenzie2006divalent,
  title={Divalent metal-ion transporter DMT1 mediates both H+-coupled Fe 2+ transport and uncoupled fluxes},
  author={Mackenzie, Bryan and Ujwal, ML and Chang, Min-Hwang and Romero, Michael F and Hediger, Matthias A},
  journal={Pfl{\"u}gers Archiv},
  volume={451},
  number={4},
  pages={544--558},
  year={2006},
  publisher={Springer}
}

@article{montalbetti2013mammalian,
  title={Mammalian iron transporters: families SLC11 and SLC40},
  author={Montalbetti, Nicolas and Simonin, Alexandre and Kovacs, Gergely and Hediger, Matthias A},
  journal={Molecular aspects of medicine},
  volume={34},
  number={2-3},
  pages={270--287},
  year={2013},
  publisher={Elsevier}
}

@article{techau2007evolution,
  title={Evolution of differences in transport function in Slc11a family members},
  author={Techau, Michala Eichner and Valdez-Taubas, Javier and Popoff, Jean-Fran{\c{c}}ois and Francis, Richard and Seaman, Matthew and Blackwell, Jenefer M},
  journal={Journal of Biological Chemistry},
  volume={282},
  number={49},
  pages={35646--35656},
  year={2007},
  publisher={ASBMB}
}

@article{blackwell2001slc11a1,
  title={SLC11A1 (formerly NRAMP1) and disease resistance: Microreview},
  author={Blackwell, Jenefer M and Goswami, Tapasree and Evans, Carlton AW and Sibthorpe, Dean and Papo, Natalie and White, Jacqueline K and Searle, Susan and Miller, E Nancy and Peacock, Christopher S and Mohammed, Hiba and others},
  journal={Cellular microbiology},
  volume={3},
  number={12},
  pages={773--784},
  year={2001},
  publisher={Wiley Online Library}
}

@article{nevo2008site,
  title={Site-directed mutagenesis investigation of coupling properties of metal ion transport by DCT1},
  author={Nevo, Yaniv},
  journal={Biochimica et Biophysica Acta (BBA)-Biomembranes},
  volume={1778},
  number={1},
  pages={334--341},
  year={2008},
  publisher={Elsevier}
}

